@book{MultOptEhrgott,
  author    = {Matthias Ehrgott},
  title     = {Multicriteria Optimization {(2.} ed.)},
  publisher = {Springer},
  year      = {2005},
  url       = {https://doi.org/10.1007/3-540-27659-9},
  doi       = {10.1007/3-540-27659-9},
  isbn      = {978-3-540-21398-7},
  timestamp = {Tue, 16 May 2017 14:01:41 +0200},
  biburl    = {https://dblp.org/rec/books/daglib/0022057.bib},
  bibsource = {dblp computer science bibliography, https://dblp.org}
}

@InProceedings{boundssetsXGME,
author="Ehrgott, Matthias
and Gandibleux, Xavier",
editor="K{\"o}ksalan, Murat
and Zionts, Stanley",
title="Bounds and Bound Sets for Biobjective Combinatorial Optimization Problems",
booktitle="Multiple Criteria Decision Making in the New Millennium",
year="2001",
publisher="Springer Berlin Heidelberg",
address="Berlin, Heidelberg",
pages="241--253",
isbn="978-3-642-56680-6"
}

@inproceedings{Gandibleux2021APH,
  title={A primal heuristic to compute an upper bound set for multi-objective 0-1 linear optimisation problems},
  author={Xavier Gandibleux},
  year={2021}
}

@inproceedings{gravitymachine,
	address = {Online},
	title = {A primal heuristic to compute an upper bound set for multi-objective 0-1 linear optimisation problems},
	url = {http://modem2021.cs.nuigalway.ie},
	language = {en},
	urldate = {2023-01-14},
	publisher = {Springer},
	author = {Gandibleux, Xavier and Gasnier, Guillaume and Hanafi, Saïd},
	year = {2021},
	annote = {[TLDR] An algorithm aiming to compute an upper bound set for a multi-objective linear optimisation problem with binary variables (p-01LP), Inspired by the well known « Feasibility Pump » algorithm in single objective optimisation, which belongs to the class of primal heuristics.},
}

@article{improvedFP,
title = {Improving the feasibility pump},
journal = {Discrete Optimization},
volume = {4},
number = {1},
pages = {77-86},
year = {2007},
note = {Mixed Integer Programming},
issn = {1572-5286},
doi = {https://doi.org/10.1016/j.disopt.2006.10.004},
url = {https://www.sciencedirect.com/science/article/pii/S157252860600082X},
author = {Tobias Achterberg and Timo Berthold},
keywords = {Mixed integer programming, Primal heuristics, Feasibility pump},
}

@article{irace,
title = {The irace package: Iterated racing for automatic algorithm configuration},
journal = {Operations Research Perspectives},
volume = {3},
pages = {43-58},
year = {2016},
issn = {2214-7160},
doi = {https://doi.org/10.1016/j.orp.2016.09.002},
url = {https://www.sciencedirect.com/science/article/pii/S2214716015300270},
author = {Manuel López-Ibáñez and Jérémie Dubois-Lacoste and Leslie {Pérez Cáceres} and Mauro Birattari and Thomas Stützle},
keywords = {Automatic algorithm configuration, Racing, Parameter tuning},
}

@inproceedings{Chankong1983MultiobjectiveDM,
  title={Multiobjective Decision Making: Theory and Methodology},
  author={Vira Chankong and Yacov Y. Haimes},
  year={1983}
}

@article{canonical_cut,
author = {Balas, Egon and Jeroslow, Robert},
title = {Canonical Cuts on the Unit Hypercube},
journal = {SIAM Journal on Applied Mathematics},
volume = {23},
number = {1},
pages = {61-69},
year = {1972},
doi = {10.1137/0123007},

URL = { 
    
        https://doi.org/10.1137/0123007
    
    

},
eprint = { 
    
        https://doi.org/10.1137/0123007
    
    

}
}


@article{Julia-2017,
    title={Julia: A fresh approach to numerical computing},
    author={Bezanson, Jeff and Edelman, Alan and Karpinski, Stefan and Shah, Viral B},
    journal={SIAM {R}eview},
    volume={59},
    number={1},
    pages={65--98},
    year={2017},
    publisher={SIAM},
    doi={10.1137/141000671},
    url={https://epubs.siam.org/doi/10.1137/141000671}
}
@misc{gurobiNumIssues,
	author = {{Gurobi Optimization, LLC}},
	title = {{G}urobi {G}uidelines for {N}umerical {I}ssues - {G}urobi {O}ptimization Gurobi Optimizer Reference Manual},
	howpublished = {\url{https://www.gurobi.com/documentation/9.0/refman/num_grb_guidelines_for_num.html}},
	year = {2023},
	note = {[Accessed 06-Apr-2023]},
}

@misc{bench_solver,
	author = {Hans Mittelman},
	title = {Benchmarks for optimization software - MILP Benchmark},
	howpublished = {\url{http://plato.asu.edu/ftp/milp.html}},
	year = {2023},
	note = {[Accessed 14-Apr-2023]},
}